%% This BibTeX bibliography file was created using BibDesk.
%% http://bibdesk.sourceforge.net/

%% Created for J. P. Balthasar Mueller at 2020-05-28 18:01:16 -0400 


%% Saved with string encoding Unicode (UTF-8) 



@misc{Nobody06,
	Author = {Nobody Jr},
	Title = {My Article},
	Year = {2006}}


@article{kronenburg2011binomial,
  title={The binomial coefficient for negative arguments},
  author={Kronenburg, MJ},
  journal={arXiv preprint arXiv:1105.3689},
  year={2011},
  url={\url{https://arxiv.org/pdf/1105.3689.pdf}}
}

@book{bogart2004combinatorics,
  title={Combinatorics through guided discovery},
  author={Bogart, Kenneth P},
  year={2004},
  publisher={Kenneth P. Bogart},
  url={\url{https://bogart.openmathbooks.org/}}
}
